@article{freeman-1991,
  title={Centrality in valued graphs: A measure of betweenness based on network flow},
  author={Freeman, Linton C and Borgatti, Stephen P and White, Douglas R},
  journal={Social networks},
  volume={13},
  number={2},
  pages={141--154},
  year={1991},
  publisher={Elsevier}
}
@article{weber-2013,
  title={Badger social networks correlate with tuberculosis infection},
  author={Weber, Nicola and Carter, Stephen P and Dall, Sasha RX and Delahay, Richard J and McDonald, Jennifer L and Bearhop, Stuart and McDonald, Robbie A},
  journal={Current Biology},
  volume={23},
  number={20},
  pages={R915--R916},
  year={2013},
  publisher={Elsevier}
}